<record><leader>00000cas a22000007a 4500</leader><controlfield tag="001">10222435</controlfield><controlfield tag="008">831215d19051919ksudr ne      0   a0eng d</controlfield><datafield ind1=" " ind2=" " tag="010"><subfield code="a">sn 83040993 </subfield></datafield><datafield ind1=" " ind2=" " tag="040"><subfield code="a">KSH</subfield><subfield code="b">eng</subfield><subfield code="c">KSH</subfield><subfield code="d">NPT</subfield><subfield code="d">OCLCQ</subfield></datafield><datafield ind1=" " ind2=" " tag="042"><subfield code="a">msc</subfield></datafield><datafield ind1=" " ind2=" " tag="043"><subfield code="a">n-us-ks</subfield></datafield><datafield ind1="0" ind2="0" tag="245"><subfield code="a">Concordia daily Kansan.</subfield></datafield><datafield ind1="3" ind2="0" tag="246"><subfield code="a">Concordia daily Kansan and the Kansan</subfield></datafield><datafield ind1=" " ind2=" " tag="260"><subfield code="a">Concordia, Kan. :</subfield><subfield code="b">Gomer T. Davies,</subfield><subfield code="c">1905-1919.</subfield></datafield><datafield ind1=" " ind2=" " tag="300"><subfield code="a">14 v. :</subfield><subfield code="b">ill.</subfield></datafield><datafield ind1=" " ind2=" " tag="310"><subfield code="a">Daily (except Sun.)</subfield></datafield><datafield ind1="0" ind2=" " tag="362"><subfield code="a">Vol. 1, no. 1 (Mar. 17, 1905)-v. 14, no. 49 (May 10, 1919).</subfield></datafield><datafield ind1=" " ind2=" " tag="500"><subfield code="a">"Republican."</subfield></datafield><datafield ind1=" " ind2=" " tag="500"><subfield code="a">Published as: Concordia daily Kansas and the Kansan, Sept. 28, Dec. 14, and Dec. 21, 1905.</subfield></datafield><datafield ind1=" " ind2=" " tag="752"><subfield code="a">United States</subfield><subfield code="b">Kansas</subfield><subfield code="c">Cloud</subfield><subfield code="d">Concordia.</subfield></datafield><datafield ind1="0" ind2="4" tag="785"><subfield code="t">Concordia daily blade (Concordia, Kan. : 1914)</subfield><subfield code="w">(DLC)sn 83040982</subfield></datafield></record>